@ARTICLE{Nevzorova,
author = {Olga Nevzorova, Damir Mukhamedshin and Alfiya Galieva},
title = {Named Entity Recognition in Tatar: Corpus-Based Algorithm},
journal = {semanticscholar},
organization = {The Tatarstan Academy of Sciences, Kazan, Russia},
year = {2018},
}

@ARTICLE{delta,
       author = {{Han} and Kun and {Chen} and Junwen and {Zhang} and Hui and {Xu} and Haiyang and
         {Peng} and Yiping and {Wang} and Yun and {Ding} and Ning and {Deng} and Hui and
         {Gao} and Yonghu and {Guo} and Tingwei and {Zhang} and Yi and {He} and Yahao and
         {Ma} and Baochang and {Zhou} and Yulong and {Zhang} and Kangli and {Liu} and Chao and
         {Lyu} and Ying and {Wang} and Chenxi and {Gong} and Cheng and {Wang} and Yunbo and
         {Zou} and Wei and {Song} and Hui and {Li} and Xiangang},
       title = "{DELTA: A DEep learning based Language Technology plAtform}",
       journal = {arXiv e-prints},
       year = "2019",
       url = {https://arxiv.org/abs/1908.01853},
}

@ARTICLE{CNN_top_2_SOTA,
       author = {Alexei Baevski and Sergey Edunov and Yinhan Liu and Luke Zettlemoyer and Michael Auli},
       title = "{Cloze-driven Pretraining of Self-attention Networks}",
       journal = {arXiv e-prints},
       year = "2019",
       url = {https://arxiv.org/abs/1903.07785v1},
}

@InProceedings{Liu:19,
  author    = {Yijin Liu and Fandong Meng and Jinchao Zhang and Jinan Xu and Yufeng Chen and Jie Zhou},
  title     = {GCDT: A Global Context Enhanced Deep Transition Architecture for Sequence Labeling},
  booktitle = {Proceedings of the 57th Annual Meeting of the Association for Computational Linguistics},
  year      = {2019}
}

@inproceedings{jiang-etal-2019-improved,
    title = "Improved Differentiable Architecture Search for Language Modeling and Named Entity Recognition",
    author = "Jiang, Yufan  and
      Hu, Chi  and
      Xiao, Tong  and
      Zhang, Chunliang  and
      Zhu, Jingbo",
    booktitle = "Proceedings of the 2019 Conference on Empirical Methods in Natural Language Processing and the 9th International Joint Conference on Natural Language Processing (EMNLP-IJCNLP)",
    month = {nov},
    year = "2019",
    address = "Hong Kong, China",
    publisher = "Association for Computational Linguistics",
    url = "https://www.aclweb.org/anthology/D19-1367",
    doi = "10.18653/v1/D19-1367",
    pages = "3585--3590"
}

@inproceedings{strakova-etal-2019-neural,
    title = "Neural Architectures for Nested {NER} through Linearization",
    author = "Strakov{\'a}, Jana  and
      Straka, Milan  and
      Hajic, Jan",
    booktitle = "Proceedings of the 57th Annual Meeting of the Association for Computational Linguistics",
    month = {jul},
    year = "2019",
    address = "Florence, Italy",
    publisher = "Association for Computational Linguistics",
    url = "https://www.aclweb.org/anthology/P19-1527",
    doi = "10.18653/v1/P19-1527",
    pages = "5326--5331"
}

@inproceedings{cotterell-duh-2017-low,
    title = "Low-Resource Named Entity Recognition with Cross-lingual, Character-Level Neural Conditional Random Fields",
    author = "Cotterell, Ryan  and
      Duh, Kevin",
    booktitle = "Proceedings of the Eighth International Joint Conference on Natural Language Processing (Volume 2: Short Papers)",
    month = {nov},
    year = "2017",
    address = "Taipei, Taiwan",
    publisher = "Asian Federation of Natural Language Processing",
    url = "https://www.aclweb.org/anthology/I17-2016",
    pages = "91--96"
}

@inproceedings{ju-etal-2018-neural,
    title = "A Neural Layered Model for Nested Named Entity Recognition",
    author = "Ju, Meizhi  and
      Miwa, Makoto  and
      Ananiadou, Sophia",
    booktitle = "Proceedings of the 2018 Conference of the North {A}merican Chapter of the Association for Computational Linguistics: Human Language Technologies, Volume 1 (Long Papers)",
    month = {jun},
    year = "2018",
    address = "New Orleans, Louisiana",
    publisher = "Association for Computational Linguistics",
    url = "https://www.aclweb.org/anthology/N18-1131",
    doi = "10.18653/v1/N18-1131",
    pages = "1446--1459"
}

@article{DBLP:journals/corr/abs-1810-04805,
  author    = {Jacob Devlin and
               Ming{-}Wei Chang and
               Kenton Lee and
               Kristina Toutanova},
  title     = {{BERT:} Pre-training of Deep Bidirectional Transformers for Language
               Understanding},
  journal   = {CoRR},
  volume    = {abs/1810.04805},
  year      = {2018},
  url       = {http://arxiv.org/abs/1810.04805},
  archivePrefix = {arXiv},
  eprint    = {1810.04805},
  timestamp = {Tue, 30 Oct 2018 20:39:56 +0100},
  biburl    = {https://dblp.org/rec/journals/corr/abs-1810-04805.bib},
  bibsource = {dblp computer science bibliography, https://dblp.org}
}

@article{Wolf2019HuggingFacesTS,
  title={HuggingFace's Transformers: State-of-the-art Natural Language Processing},
  author={Thomas Wolf and Lysandre Debut and Victor Sanh and Julien Chaumond and Clement Delangue and Anthony Moi and Pierric Cistac and Tim Rault and R'emi Louf and Morgan Funtowicz and Jamie Brew},
  journal={ArXiv},
  year={2019},
  volume={abs/1910.03771}
}


@article{DBLP:journals/corr/cmp-lg-9505040,
  author    = {Lance A. Ramshaw and
               Mitchell P. Marcus},
  title     = {Text Chunking using Transformation-Based Learning},
  journal   = {CoRR},
  volume    = {cmp-lg/9505040},
  year      = {1995},
  url       = {http://arxiv.org/abs/cmp-lg/9505040},
  timestamp = {Mon, 13 Aug 2018 16:48:46 +0200},
  biburl    = {https://dblp.org/rec/journals/corr/cmp-lg-9505040.bib},
  bibsource = {dblp computer science bibliography, https://dblp.org}
}

@inproceedings{tugan_tel,
author = {Nevzorova O., Mukhamedshin D. and Gataullin R.},
title = {Developing Corpus Management System:
Architecture of System and Database},
booktitle = {The Steering Committee of The World Congress in Computer
Science, Computer Engineering and Applied Computing (WorldComp)},
organization = {The Tatarstan Academy of Sciences, Kazan, Russia},
year = {2017},
pages = "108--122"
}